<record><leader>00000cas a22000007a 4500</leader><controlfield tag="001">19743776</controlfield><controlfield tag="008">890520d19121916njudr ne      0    0eng d</controlfield><datafield ind1=" " ind2=" " tag="010"><subfield code="a">sn 88071334 </subfield></datafield><datafield ind1=" " ind2=" " tag="040"><subfield code="a">NJW</subfield><subfield code="b">eng</subfield><subfield code="c">NJW</subfield><subfield code="d">NVK</subfield><subfield code="d">OCLCQ</subfield><subfield code="d">OCLCF</subfield><subfield code="d">OCLCO</subfield></datafield><datafield ind1="1" ind2=" " tag="029"><subfield code="a">AU@</subfield><subfield code="b">000020566309</subfield></datafield><datafield ind1=" " ind2=" " tag="042"><subfield code="a">msc</subfield></datafield><datafield ind1=" " ind2=" " tag="043"><subfield code="a">n-us-nj</subfield></datafield><datafield ind1="0" ind2="0" tag="245"><subfield code="a">Plainfield daily press.</subfield></datafield><datafield ind1=" " ind2=" " tag="260"><subfield code="a">Plainfield, N.J. :</subfield><subfield code="b">Plainfield Press Co.,</subfield><subfield code="c">1912-1916.</subfield></datafield><datafield ind1=" " ind2=" " tag="310"><subfield code="a">Daily</subfield></datafield><datafield ind1="0" ind2=" " tag="362"><subfield code="a">Jan. 2, 1912-Oct. 7, 1916.</subfield></datafield><datafield ind1=" " ind2=" " tag="500"><subfield code="a">Special Historical and Trade supplement edited and compiled by Albert E. Walker, Nov. 14, 1913.</subfield></datafield><datafield ind1=" " ind2="0" tag="651"><subfield code="a">Plainfield (N.J.)</subfield><subfield code="v">Newspapers.</subfield></datafield><datafield ind1=" " ind2="7" tag="655"><subfield code="a">Newspapers.</subfield><subfield code="2">fast</subfield><subfield code="0">(OCoLC)fst01423814</subfield></datafield><datafield ind1=" " ind2="7" tag="651"><subfield code="a">New Jersey</subfield><subfield code="z">Plainfield.</subfield><subfield code="2">fast</subfield><subfield code="0">(OCoLC)fst01220232</subfield></datafield><datafield ind1=" " ind2=" " tag="752"><subfield code="a">United States</subfield><subfield code="b">New Jersey</subfield><subfield code="c">Union</subfield><subfield code="d">Plainfield.</subfield></datafield><datafield ind1="0" ind2="0" tag="780"><subfield code="t">Daily press (Plainfield, N.J. : 1887)</subfield><subfield code="w">(DLC)sn 85035970</subfield><subfield code="w">(OCoLC)13242210</subfield></datafield><datafield ind1="0" ind2="0" tag="785"><subfield code="t">Plainfield courier-news</subfield><subfield code="w">(DLC)sn 85035974</subfield><subfield code="w">(OCoLC)13242228</subfield></datafield></record>